@article{albertsessential,
  title={Essential Cell Biology; Garland Science: New York, 2009},
  author={Alberts, B and Bray, D and Hopkin, K and Johnson, A and Lewis, J and Raff, M and Roberts, K and Walter, P},
  pages={427--452}
}

@article{xu2012statistical,
  title={Statistical evaluation of improvement in RNA secondary structure prediction},
  author={Xu, Zhenjiang and Almudevar, Anthony and Mathews, David H},
  journal={Nucleic acids research},
  volume={40},
  number={4},
  pages={e26--e26},
  year={2012},
  publisher={Oxford Univ Press}
}

@article{conn1998rna,
  title={RNA structure},
  author={Conn, Graeme L and Draper, David E},
  journal={Current opinion in structural biology},
  volume={8},
  number={3},
  pages={278--285},
  year={1998},
  publisher={Elsevier}
}

@incollection{condon2003problems,
  title={Problems on RNA secondary structure prediction and design},
  author={Condon, Anne},
  booktitle={Automata, Languages and Programming},
  pages={22--32},
  year={2003},
  publisher={Springer}
}

@incollection{hofacker2008rna,
  title={RNA consensus structure prediction with RNAalifold},
  author={Hofacker, Ivo L},
  booktitle={Comparative Genomics},
  pages={527--543},
  year={2008},
  publisher={Springer}
}

@article{tinoco1999rna,
  title={How RNA folds},
  author={Tinoco Jr, Ignacio and Bustamante, Carlos},
  journal={Journal of molecular biology},
  volume={293},
  number={2},
  pages={271--281},
  year={1999},
  publisher={Elsevier}
}

@article{nussinov1978algorithms,
  title={Algorithms for loop matchings},
  author={Nussinov, Ruth and Pieczenik, George and Griggs, Jerrold R and Kleitman, Daniel J},
  journal={SIAM Journal on Applied mathematics},
  volume={35},
  number={1},
  pages={68--82},
  year={1978},
  publisher={SIAM}
}


@article{nussinov1980fast,
  title={Fast algorithm for predicting the secondary structure of single-stranded RNA},
  author={Nussinov, Ruth and Jacobson, Ann B},
  journal={Proceedings of the National Academy of Sciences},
  volume={77},
  number={11},
  pages={6309--6313},
  year={1980},
  publisher={National Acad Sciences}
}

@article{de1999graph,
  title={On a graph-theoretical model for cyclic register allocation},
  author={de Werra, Dominique and Eisenbeis, Ch and Lelait, Sylvain and Marmol, Bruno},
  journal={Discrete Applied Mathematics},
  volume={93},
  number={2},
  pages={191--203},
  year={1999},
  publisher={Elsevier}
}

@article{cong1990over,
  title={Over-the-cell channel routing},
  author={Cong, Jason and Liu, CL},
  journal={Computer-Aided Design of Integrated Circuits and Systems, IEEE Transactions on},
  volume={9},
  number={4},
  pages={408--418},
  year={1990},
  publisher={IEEE}
}

@article{swenson2009maximum,
  title={Maximum independent sets of commuting and noninterfering inversions},
  author={Swenson, Krister M and To, Yokuki and Tang, Jijun and Moret, Bernard ME},
  journal={BMC bioinformatics},
  volume={10},
  number={Suppl 1},
  pages={S6},
  year={2009},
  publisher={BioMed Central Ltd}
}


@article{gavril1973algorithms,
  title={Algorithms for a maximum clique and a maximum independent set of a circle graph},
  author={Gavril, Fanica},
  journal={Networks},
  volume={3},
  number={3},
  pages={261--273},
  year={1973},
  publisher={Wiley Online Library}
}


@article{bonsma2012counting,
  title={Counting hexagonal patches and independent sets in circle graphs},
  author={Bonsma, Paul and Breuer, Felix},
  journal={Algorithmica},
  volume={63},
  number={3},
  pages={645--671},
  year={2012},
  publisher={Springer}
}

@incollection{valiente2003new,
  title={A new simple algorithm for the maximum-weight independent set problem on circle graphs},
  author={Valiente, Gabriel},
  booktitle={Algorithms and Computation},
  pages={129--137},
  year={2003},
  publisher={Springer}
}

@article{nash2013new,
  title={New Algorithms For Maximum Independent Sets of Circle Graphs},
  author={Nash, Nicholas and Gregg, David},
  year={2013}
}

@article{sperschneider2008knotseeker,
  title={KnotSeeker: Heuristic pseudoknot detection in long RNA sequences},
  author={Sperschneider, Jana and Datta, Amitava},
  journal={RNA},
  volume={14},
  number={4},
  pages={630--640},
  year={2008},
  publisher={Cold Spring Harbor Lab}
}

@article{bon2011tt2ne,
  title={TT2NE: a novel algorithm to predict RNA secondary structures with pseudoknots},
  author={Bon, Micha{\"e}l and Orland, Henri},
  journal={Nucleic acids research},
  volume={39},
  number={14},
  pages={e93--e93},
  year={2011},
  publisher={Oxford Univ Press}
}

@article{lorenz2011viennarna,
  title={ViennaRNA Package 2.0.},
  author={Lorenz, Ronny and Bernhart, Stephan HF and Zu Siederdissen, Christian Hoener and Tafer, Hakim and Flamm, Christoph and Stadler, Peter F and Hofacker, Ivo L and others},
  journal={Algorithms for Molecular Biology},
  volume={6},
  number={1},
  pages={26},
  year={2011}
}
